%% This BibTeX bibliography file was created using BibDesk.
%% https://bibdesk.sourceforge.io/

%% Created for Nathaniel Chang at 2022-08-12 11:19:10 +0930 


%% Saved with string encoding Unicode (UTF-8) 


 @misc{medium1,
 	title={Image Super Resolution: A Comparison between Interpolation & Deep Learning-based Techniques toâ€¦}, 
 	url={https://medium.com/htx-s-s-coe/image-super-resolution-a-comparison-between-interpolation-deep-learning-based-techniques-to-25e7531ab207}, 
 	year={2024},
 }
 
 @article{Ahmad2022,
  title={A new generative adversarial network for medical images super resolution},
  author={Ahmad, W. and Ali, H. and Shah, Z. and others},
  journal={Scientific Reports},
  volume={12},
  pages={9533},
  year={2022},
  publisher={Nature Publishing Group},
  doi={10.1038/s41598-022-13658-4},
  url={https://doi.org/10.1038/s41598-022-13658-4}
}

@misc{Buczkowski2023,
  author = {Aleks Buczkowski},
  title = {Enhancing Satellite Imagery Readability with Super-resolution Machine Learning Models},
  year = {2023},
  url = {https://geoawesomeness.com/eo-hub/enhancing-satellite-imagery-readability-with-super-resolution-machine-learning-models/},
}

@article{MACHIDON2018181,
title = {Digital color restoration for the preservation of reversal film heritage},
journal = {Journal of Cultural Heritage},
volume = {33},
pages = {181-190},
year = {2018},
note = {Cultural heritage in times of armed conflicts in the Middle East: Much more than material damage?},
issn = {1296-2074},
doi = {https://doi.org/10.1016/j.culher.2018.01.021},
url = {https://www.sciencedirect.com/science/article/pii/S1296207417305150},
author = {Octavian-Mihai Machidon and Mihai Ivanovici},
keywords = {Reversal film, Digitization, Restoration, Color correction},
}

@misc{rao2023image,
  author = {Aman Rao},
  title = {Image Upscaling using Bicubic Interpolation},
  year = {2023},
  url = {https://medium.com/@amanrao032/image-upscaling-using-bicubic-interpolation-ddb37295df0},
}

@ARTICLE{10.3389/fpsyg.2017.01745,

AUTHOR={Peng, Min  and Wang, Chongyang  and Chen, Tong  and Liu, Guangyuan  and Fu, Xiaolan },

TITLE={Dual Temporal Scale Convolutional Neural Network for Micro-Expression Recognition},

JOURNAL={Frontiers in Psychology},

VOLUME={8},

YEAR={2017},

URL={https://www.frontiersin.org/journals/psychology/articles/10.3389/fpsyg.2017.01745},

DOI={10.3389/fpsyg.2017.01745},

ISSN={1664-1078},
}

@article{Du2019,
  author    = {Xiaofeng Du and Yifan He},
  title     = {Gradient-Guided Convolutional Neural Network for MRI Image Super-Resolution},
  journal   = {Applied Sciences},
  volume    = {9},
  number    = {22},
  pages     = {4874},
  year      = {2019},
  doi       = {10.3390/app9224874},
  url       = {https://doi.org/10.3390/app9224874}
}

@misc{Jensen2017,
  author    = {Vern Jensen},
  title     = {Answer to "Efficient Bicubic filtering code in GLSL"},
  year      = {2012},
  url = {https://stackoverflow.com/questions/13501081/efficient-bicubic-filtering-code-in-glsl},
}